%مراجع خود را در این قسمت وارد کنید.
% دستوری برای کوچک کردن اندازه فونت‌ها 
%یک مثال را در زیر می‌بینید.
@article{alaghbari2022activities,
  title={Activities recognition, anomaly detection and next activity prediction based on neural networks in smart homes},
  author={Alaghbari, Khaled A and Saad, Mohamad Hanif Md and Hussain, Aini and Alam, Muhammad Raisul},
  journal={IEEE Access},
  volume={10},
  pages={28219--28232},
  year={2022},
  publisher={IEEE}
}
@inproceedings{liao2014detecting,
  title={Detecting household activity patterns from smart meter data},
  author={Liao, Jing and Stankovic, Lina and Stankovic, Vladimir},
  booktitle={2014 International Conference on Intelligent Environments},
  pages={71--78},
  year={2014},
  organization={IEEE}
}
@inproceedings{almeida2017activity,
  title={Activity recognition for movement-based interaction in mobile games},
  author={Almeida, Alexandre and Alves, Ana},
  booktitle={Proceedings of the 19th International Conference on Human-Computer Interaction with Mobile Devices and Services},
  pages={1--8},
  year={2017}
}
@inproceedings{zambonelli2011pervasive,
  title={Pervasive urban crowdsourcing: Visions and challenges},
  author={Zambonelli, Franco},
  booktitle={2011 IEEE international conference on pervasive computing and communications workshops (PERCOM Workshops)},
  pages={578--583},
  year={2011},
  organization={IEEE}
}
@article{pereyda2019cyber,
  title={Cyber-physical support of daily activities: A robot/smart home partnership},
  author={Pereyda, Christopher and Raghunath, Nisha and Minor, Bryan and Wilson, Garrett and Schmitter-Edgecombe, Maureen and Cook, Diane J},
  journal={ACM Transactions on Cyber-Physical Systems},
  volume={4},
  number={2},
  pages={1--24},
  year={2019},
  publisher={ACM New York, NY, USA}
}
@article{jaouedi2020prediction,
  title={Prediction of human activities based on a new structure of skeleton features and deep learning model},
  author={Jaouedi, Neziha and Perales, Francisco J and Buades, Jos{\'e} Maria and Boujnah, Noureddine and Bouhlel, Med Salim},
  journal={Sensors},
  volume={20},
  number={17},
  pages={4944},
  year={2020},
  publisher={MDPI}
}
@article{zhu2015wearable,
  title={Wearable sensor-based behavioral anomaly detection in smart assisted living systems},
  author={Zhu, Chun and Sheng, Weihua and Liu, Meiqin},
  journal={IEEE Transactions on automation science and engineering},
  volume={12},
  number={4},
  pages={1225--1234},
  year={2015},
  publisher={IEEE}
}
@article{lu2018wearable,
  title={Wearable computing for Internet of Things: A discriminant approach for human activity recognition},
  author={Lu, Wei and Fan, Fugui and Chu, Jinghui and Jing, Peiguang and Yuting, Su},
  journal={IEEE Internet of Things Journal},
  volume={6},
  number={2},
  pages={2749--2759},
  year={2018},
  publisher={IEEE}
}
@inproceedings{dhillon2017recent,
  title={A recent survey for human activity recoginition based on deep learning approach},
  author={Dhillon, Jagwinder Kaur and Kushwaha, Alok Kumar Singh and others},
  booktitle={2017 fourth international conference on image information processing (ICIIP)},
  pages={1--6},
  year={2017},
  organization={IEEE}
}
@article{mathew2023human,
  title={Human activity recognition using deep learning approaches and single frame cnn and convolutional lstm},
  author={Mathew, Sheryl and Subramanian, Annapoorani and MS, Balamurugan and Rajagopal, Manoj Kumar and others},
  journal={arXiv preprint arXiv:2304.14499},
  year={2023}
}
@article{cook2012casas,
  title={CASAS: A smart home in a box},
  author={Cook, Diane J and Crandall, Aaron S and Thomas, Brian L and Krishnan, Narayanan C},
  journal={Computer},
  volume={46},
  number={7},
  pages={62--69},
  year={2012},
  publisher={IEEE}
}
@inproceedings{vavoulas2016mobiact,
  title={The mobiact dataset: Recognition of activities of daily living using smartphones},
  author={Vavoulas, George and Chatzaki, Charikleia and Malliotakis, Thodoris and Pediaditis, Matthew and Tsiknakis, Manolis},
  booktitle={International conference on information and communication technologies for ageing well and e-health},
  volume={2},
  pages={143--151},
  year={2016},
  organization={SciTePress}
}
@article{roggen2010walk,
  title={Walk-through the OPPORTUNITY dataset for activity recognition in sensor rich environments},
  author={Roggen, Daniel and Calatroni, Alberto and Rossi, Mirco and Holleczek, Thomas and F{\"o}rster, Kilian and Tr{\"o}ster, Gerhard and Lukowicz, Paul and Bannach, David and Pirkl, Gerald and Wagner, Florian and others},
  journal={Helsinki, Finland, May},
  year={2010},
  publisher={Citeseer}
}
@article{reyes2016transition,
  title={Transition-aware human activity recognition using smartphones},
  author={Reyes-Ortiz, Jorge-L and Oneto, Luca and Sam{\`a}, Albert and Parra, Xavier and Anguita, Davide},
  journal={Neurocomputing},
  volume={171},
  pages={754--767},
  year={2016},
  publisher={Elsevier}
}
@article{chen2021deep,
  title={Deep learning for sensor-based human activity recognition: Overview, challenges, and opportunities},
  author={Chen, Kaixuan and Zhang, Dalin and Yao, Lina and Guo, Bin and Yu, Zhiwen and Liu, Yunhao},
  journal={ACM Computing Surveys (CSUR)},
  volume={54},
  number={4},
  pages={1--40},
  year={2021},
  publisher={ACM New York, NY, USA}
}
@article{rumelhart1986learning,
  title={Learning representations by back-propagating errors},
  author={Rumelhart, David E and Hinton, Geoffrey E and Williams, Ronald J},
  journal={nature},
  volume={323},
  number={6088},
  pages={533--536},
  year={1986},
  publisher={Nature Publishing Group UK London}
}
@inproceedings{recht2019imagenet,
  title={Do imagenet classifiers generalize to imagenet?},
  author={Recht, Benjamin and Roelofs, Rebecca and Schmidt, Ludwig and Shankar, Vaishaal},
  booktitle={International conference on machine learning},
  pages={5389--5400},
  year={2019},
  organization={PMLR}
}
@inproceedings{deng2009imagenet,
  title={Imagenet: A large-scale hierarchical image database},
  author={Deng, Jia and Dong, Wei and Socher, Richard and Li, Li-Jia and Li, Kai and Fei-Fei, Li},
  booktitle={2009 IEEE conference on computer vision and pattern recognition},
  pages={248--255},
  year={2009},
  organization={Ieee}
}
@article{gidaris2018unsupervised,
  title={Unsupervised representation learning by predicting image rotations},
  author={Gidaris, Spyros and Singh, Praveer and Komodakis, Nikos},
  journal={arXiv preprint arXiv:1803.07728},
  year={2018}
}
@article{cleland2013optimal,
  title={Optimal placement of accelerometers for the detection of everyday activities},
  author={Cleland, Ian and Kikhia, Basel and Nugent, Chris and Boytsov, Andrey and Hallberg, Josef and Synnes, K{\aa}re and McClean, Sally and Finlay, Dewar},
  journal={Sensors},
  volume={13},
  number={7},
  pages={9183--9200},
  year={2013},
  publisher={MDPI}
}
@article{chen2020big,
  title={Big self-supervised models are strong semi-supervised learners},
  author={Chen, Ting and Kornblith, Simon and Swersky, Kevin and Norouzi, Mohammad and Hinton, Geoffrey E},
  journal={Advances in neural information processing systems},
  volume={33},
  pages={22243--22255},
  year={2020}
}
@article{yuan2024self,
  title={Self-supervised learning for human activity recognition using 700,000 person-days of wearable data},
  author={Yuan, Hang and Chan, Shing and Creagh, Andrew P and Tong, Catherine and Acquah, Aidan and Clifton, David A and Doherty, Aiden},
  journal={NPJ digital medicine},
  volume={7},
  number={1},
  pages={91},
  year={2024},
  publisher={Nature Publishing Group UK London}
}
@inproceedings{he2022masked,
  title={Masked autoencoders are scalable vision learners},
  author={He, Kaiming and Chen, Xinlei and Xie, Saining and Li, Yanghao and Doll{\'a}r, Piotr and Girshick, Ross},
  booktitle={Proceedings of the IEEE/CVF conference on computer vision and pattern recognition},
  pages={16000--16009},
  year={2022}
}
@inproceedings{chen2020simple,
  title={A simple framework for contrastive learning of visual representations},
  author={Chen, Ting and Kornblith, Simon and Norouzi, Mohammad and Hinton, Geoffrey},
  booktitle={International conference on machine learning},
  pages={1597--1607},
  year={2020},
  organization={PmLR}
}
@article{grill2020bootstrap,
  title={Bootstrap your own latent-a new approach to self-supervised learning},
  author={Grill, Jean-Bastien and Strub, Florian and Altch{\'e}, Florent and Tallec, Corentin and Richemond, Pierre and Buchatskaya, Elena and Doersch, Carl and Avila Pires, Bernardo and Guo, Zhaohan and Gheshlaghi Azar, Mohammad and others},
  journal={Advances in neural information processing systems},
  volume={33},
  pages={21271--21284},
  year={2020}
}
@article{caron2020unsupervised,
  title={Unsupervised learning of visual features by contrasting cluster assignments},
  author={Caron, Mathilde and Misra, Ishan and Mairal, Julien and Goyal, Priya and Bojanowski, Piotr and Joulin, Armand},
  journal={Advances in neural information processing systems},
  volume={33},
  pages={9912--9924},
  year={2020}
}
@inproceedings{hammerla2015pd,
  title={PD disease state assessment in naturalistic environments using deep learning},
  author={Hammerla, Nils and Fisher, James and Andras, Peter and Rochester, Lynn and Walker, Richard and Pl{\"o}tz, Thomas},
  booktitle={Proceedings of the AAAI Conference on Artificial Intelligence},
  volume={29},
  number={1},
  year={2015}
}
@inproceedings{asghari2018activity,
  title={Activity recognition using hierarchical hidden Markov models on streaming sensor data},
  author={Asghari, Parviz and Nazerfard, Ehsan},
  booktitle={2018 9th International Symposium on Telecommunications (IST)},
  pages={416--420},
  year={2018},
  organization={IEEE}
}
@article{cook2013transfer,
  title={Transfer learning for activity recognition: A survey},
  author={Cook, Diane and Feuz, Kyle D and Krishnan, Narayanan C},
  journal={Knowledge and information systems},
  volume={36},
  pages={537--556},
  year={2013},
  publisher={Springer}
}
@inproceedings{chen2015deep,
  title={A deep learning approach to human activity recognition based on single accelerometer},
  author={Chen, Yuqing and Xue, Yang},
  booktitle={2015 IEEE international conference on systems, man, and cybernetics},
  pages={1488--1492},
  year={2015},
  organization={IEEE}
}
@inproceedings{ha2015multi,
  title={Multi-modal convolutional neural networks for activity recognition},
  author={Ha, Sojeong and Yun, Jeong-Min and Choi, Seungjin},
  booktitle={2015 IEEE International conference on systems, man, and cybernetics},
  pages={3017--3022},
  year={2015},
  organization={IEEE}
}
@article{foerster1999detection,
  title={Detection of posture and motion by accelerometry: a validation study in ambulatory monitoring},
  author={Foerster, Friedrich and Smeja, Manfred and Fahrenberg, Jochen},
  journal={Computers in human behavior},
  volume={15},
  number={5},
  pages={571--583},
  year={1999},
  publisher={Elsevier}
}
@article{attal2015physical,
  title={Physical human activity recognition using wearable sensors},
  author={Attal, Ferhat and Mohammed, Samer and Dedabrishvili, Mariam and Chamroukhi, Faicel and Oukhellou, Latifa and Amirat, Yacine},
  journal={Sensors},
  volume={15},
  number={12},
  pages={31314--31338},
  year={2015},
  publisher={Multidisciplinary Digital Publishing Institute}
}
@inproceedings{guo2016wearable,
  title={Wearable sensor based multimodal human activity recognition exploiting the diversity of classifier ensemble},
  author={Guo, Haodong and Chen, Ling and Peng, Liangying and Chen, Gencai},
  booktitle={Proceedings of the 2016 ACM international joint conference on pervasive and ubiquitous computing},
  pages={1112--1123},
  year={2016}
}
@article{gao2021danhar,
  title={DanHAR: Dual attention network for multimodal human activity recognition using wearable sensors},
  author={Gao, Wenbin and Zhang, Lei and Teng, Qi and He, Jun and Wu, Hao},
  journal={Applied Soft Computing},
  volume={111},
  pages={107728},
  year={2021},
  publisher={Elsevier}
}
@article{wang2020wearable,
  title={Wearable Sensor-Based Human Activity Recognition Using Hybrid Deep Learning Techniques},
  author={Wang, Huaijun and Zhao, Jing and Li, Junhuai and Tian, Ling and Tu, Pengjia and Cao, Ting and An, Yang and Wang, Kan and Li, Shancang},
  journal={Security and communication Networks},
  volume={2020},
  number={1},
  pages={2132138},
  year={2020},
  publisher={Wiley Online Library}
}
@article{liu2021self,
  title={Self-supervised learning: Generative or contrastive},
  author={Liu, Xiao and Zhang, Fanjin and Hou, Zhenyu and Mian, Li and Wang, Zhaoyu and Zhang, Jing and Tang, Jie},
  journal={IEEE transactions on knowledge and data engineering},
  volume={35},
  number={1},
  pages={857--876},
  year={2021},
  publisher={IEEE}
}
@article{ericsson2022self,
  title={Self-supervised representation learning: Introduction, advances, and challenges},
  author={Ericsson, Linus and Gouk, Henry and Loy, Chen Change and Hospedales, Timothy M},
  journal={IEEE Signal Processing Magazine},
  volume={39},
  number={3},
  pages={42--62},
  year={2022},
  publisher={IEEE}
}
@article{jing2020self,
  title={Self-supervised visual feature learning with deep neural networks: A survey},
  author={Jing, Longlong and Tian, Yingli},
  journal={IEEE transactions on pattern analysis and machine intelligence},
  volume={43},
  number={11},
  pages={4037--4058},
  year={2020},
  publisher={IEEE}
}
@inproceedings{detone2018superpoint,
  title={Superpoint: Self-supervised interest point detection and description},
  author={DeTone, Daniel and Malisiewicz, Tomasz and Rabinovich, Andrew},
  booktitle={Proceedings of the IEEE conference on computer vision and pattern recognition workshops},
  pages={224--236},
  year={2018}
}
@inproceedings{noroozi2016unsupervised,
  title={Unsupervised learning of visual representations by solving jigsaw puzzles},
  author={Noroozi, Mehdi and Favaro, Paolo},
  booktitle={European conference on computer vision},
  pages={69--84},
  year={2016},
  organization={Springer}
}
@article{li2021jigsawgan,
  title={Jigsawgan: Auxiliary learning for solving jigsaw puzzles with generative adversarial networks},
  author={Li, Ru and Liu, Shuaicheng and Wang, Guangfu and Liu, Guanghui and Zeng, Bing},
  journal={IEEE Transactions on Image Processing},
  volume={31},
  pages={513--524},
  year={2021},
  publisher={IEEE}
}
@article{park2024fine,
  title={Fine-Grained Self-Supervised Learning with Jigsaw puzzles for medical image classification},
  author={Park, Wongi and Ryu, Jongbin},
  journal={Computers in Biology and Medicine},
  volume={174},
  pages={108460},
  year={2024},
  publisher={Elsevier}
}
@inproceedings{misra2016shuffle,
  title={Shuffle and learn: unsupervised learning using temporal order verification},
  author={Misra, Ishan and Zitnick, C Lawrence and Hebert, Martial},
  booktitle={European conference on computer vision},
  pages={527--544},
  year={2016},
  organization={Springer}
}
@inproceedings{banville2019self,
  title={Self-supervised representation learning from electroencephalography signals},
  author={Banville, Hubert and Albuquerque, Isabela and Hyv{\"a}rinen, Aapo and Moffat, Graeme and Engemann, Denis-Alexander and Gramfort, Alexandre},
  booktitle={2019 IEEE 29th International Workshop on Machine Learning for Signal Processing (MLSP)},
  pages={1--6},
  year={2019},
  organization={IEEE}
}
@inproceedings{vincent2008extracting,
  title={Extracting and composing robust features with denoising autoencoders},
  author={Vincent, Pascal and Larochelle, Hugo and Bengio, Yoshua and Manzagol, Pierre-Antoine},
  booktitle={Proceedings of the 25th international conference on Machine learning},
  pages={1096--1103},
  year={2008}
}
@inproceedings{pathak2016context,
  title={Context encoders: Feature learning by inpainting},
  author={Pathak, Deepak and Krahenbuhl, Philipp and Donahue, Jeff and Darrell, Trevor and Efros, Alexei A},
  booktitle={Proceedings of the IEEE conference on computer vision and pattern recognition},
  pages={2536--2544},
  year={2016}
}
@article{jaiswal2020survey,
  title={A survey on contrastive self-supervised learning},
  author={Jaiswal, Ashish and Babu, Ashwin Ramesh and Zadeh, Mohammad Zaki and Banerjee, Debapriya and Makedon, Fillia},
  journal={Technologies},
  volume={9},
  number={1},
  pages={2},
  year={2020},
  publisher={MDPI}
}
@article{oord2018representation,
  title={Representation learning with contrastive predictive coding},
  author={Oord, Aaron van den and Li, Yazhe and Vinyals, Oriol},
  journal={arXiv preprint arXiv:1807.03748},
  year={2018}
}
@inproceedings{wu2018unsupervised,
  title={Unsupervised feature learning via non-parametric instance discrimination},
  author={Wu, Zhirong and Xiong, Yuanjun and Yu, Stella X and Lin, Dahua},
  booktitle={Proceedings of the IEEE conference on computer vision and pattern recognition},
  pages={3733--3742},
  year={2018}
}
@inproceedings{he2020momentum,
  title={Momentum contrast for unsupervised visual representation learning},
  author={He, Kaiming and Fan, Haoqi and Wu, Yuxin and Xie, Saining and Girshick, Ross},
  booktitle={Proceedings of the IEEE/CVF conference on computer vision and pattern recognition},
  pages={9729--9738},
  year={2020}
}
@article{vaswani2017attention,
  title={Attention is all you need},
  author={Vaswani, Ashish and Shazeer, Noam and Parmar, Niki and Uszkoreit, Jakob and Jones, Llion and Gomez, Aidan N and Kaiser, {\L}ukasz and Polosukhin, Illia},
  journal={Advances in neural information processing systems},
  volume={30},
  year={2017}
}
@inproceedings{devlin2019bert,
  title={Bert: Pre-training of deep bidirectional transformers for language understanding},
  author={Devlin, Jacob and Chang, Ming-Wei and Lee, Kenton and Toutanova, Kristina},
  booktitle={Proceedings of the 2019 conference of the North American chapter of the association for computational linguistics: human language technologies, volume 1 (long and short papers)},
  pages={4171--4186},
  year={2019}
}
@article{radford2019language,
  title={Language models are unsupervised multitask learners},
  author={Radford, Alec and Wu, Jeffrey and Child, Rewon and Luan, David and Amodei, Dario and Sutskever, Ilya and others},
  journal={OpenAI blog},
  volume={1},
  number={8},
  pages={9},
  year={2019}
}
@article{haresamudram2021contrastive,
  title={Contrastive predictive coding for human activity recognition},
  author={Haresamudram, Harish and Essa, Irfan and Pl{\"o}tz, Thomas},
  journal={Proceedings of the ACM on Interactive, Mobile, Wearable and Ubiquitous Technologies},
  volume={5},
  number={2},
  pages={1--26},
  year={2021},
  publisher={ACM New York, NY, USA}
}
@inproceedings{khaertdinov2021contrastive,
  title={Contrastive self-supervised learning for sensor-based human activity recognition},
  author={Khaertdinov, Bulat and Ghaleb, Esam and Asteriadis, Stylianos},
  booktitle={2021 IEEE International Joint Conference on Biometrics (IJCB)},
  pages={1--8},
  year={2021},
  organization={IEEE}
}
@article{jain2022collossl,
  title={Collossl: Collaborative self-supervised learning for human activity recognition},
  author={Jain, Yash and Tang, Chi Ian and Min, Chulhong and Kawsar, Fahim and Mathur, Akhil},
  journal={Proceedings of the ACM on Interactive, Mobile, Wearable and Ubiquitous Technologies},
  volume={6},
  number={1},
  pages={1--28},
  year={2022},
  publisher={ACM New York, NY, USA}
}
@article{taghanaki2023self,
  title={Self-supervised human activity recognition with localized time-frequency contrastive representation learning},
  author={Taghanaki, Setareh Rahimi and Rainbow, Michael and Etemad, Ali},
  journal={IEEE Transactions on Human-Machine Systems},
  volume={53},
  number={6},
  pages={1027--1037},
  year={2023},
  publisher={IEEE}
}
@inproceedings{caron2018deep,
  title={Deep clustering for unsupervised learning of visual features},
  author={Caron, Mathilde and Bojanowski, Piotr and Joulin, Armand and Douze, Matthijs},
  booktitle={Proceedings of the European conference on computer vision (ECCV)},
  pages={132--149},
  year={2018}
}
@article{cuturi2013sinkhorn,
  title={Sinkhorn distances: Lightspeed computation of optimal transport},
  author={Cuturi, Marco},
  journal={Advances in neural information processing systems},
  volume={26},
  year={2013}
}
@article{reyes2015smartphone,
  title={Smartphone-based recognition of human activities and postural transitions},
  author={Reyes-Ortiz, Jorge and Anguita, Davide and Oneto, Luca and Parra, Xavier},
  journal={UCI Machine Learning Repository},
  year={2015}
}
@inproceedings{anguita2013public,
  title={A public domain dataset for human activity recognition using smartphones.},
  author={Anguita, Davide and Ghio, Alessandro and Oneto, Luca and Parra, Xavier and Reyes-Ortiz, Jorge Luis and others},
  booktitle={Esann},
  volume={3},
  number={1},
  pages={3--4},
  year={2013}
}
